%% This BibTeX bibliography file was created using BibDesk.
%% http://bibdesk.sourceforge.net/


%% Created for Guest at 2010-07-07 23:25:57 -0700 


%% Saved with string encoding Unicode (UTF-8) 



@webpage{cljDataStructures,
	Author = {Rick Hickey},
	Date-Added = {2010-07-07 23:11:28 -0700},
	Date-Modified = {2010-07-07 23:25:53 -0700},
	Url = {http://blip.tv/file/707974},
	Year = {2010}}

@webpage{jvm,
	Author = {Sun Microsystems},
	Date-Added = {2010-07-07 23:09:13 -0700},
	Date-Modified = {2010-07-07 23:25:13 -0700},
	Url = {http://java.sun.com/docs/books/jvms/},
	Year = {2010}}

@webpage{reflection,
	Author = {Sun Microsystems},
	Date-Added = {2010-07-07 23:08:35 -0700},
	Date-Modified = {2010-07-07 23:24:52 -0700},
	Url = {http://download.oracle.com/docs/cd/E17409_01/javase/6/docs/api/java/lang/reflect/package-summary.html},
	Year = {2010}}

@webpage{clj,
	Author = {Rick Hickey},
	Date-Added = {2010-07-07 23:00:18 -0700},
	Date-Modified = {2010-07-07 23:25:34 -0700},
	Url = {http://clojure.org/},
	Year = {2010}}

@book{1076522,
	Author = {Peierls, Tim and Goetz, Brian and Bloch, Joshua and Bowbeer, Joseph and Lea, Doug and Holmes, David},
	Isbn = {0321349601},
	Publisher = {Addison-Wesley Professional},
	Title = {Java Concurrency in Practice},
	Year = {2005}}
